@misc{chatgpt,
  author       = {OpenAI},
  title        = {ChatGPT},
  year         = {2025},
  howpublished = {\url{https://chat.openai.com/}},
  note         = {Consultado en junio de 2025}
}


@misc{who_diabetes_fact_sheet_2025,
  author       = "{World Health Organization}",
  title        = "{Diabetes -- Fact Sheet}",
  howpublished = "\url{https://www.who.int/news-room/fact-sheets/detail/diabetes}",
  note         = "Consultado el 14 de junio de 2025 – contiene estadísticas, tipos, prevención y respuesta de la OMS"  
}

@misc{harvard_healthy_lifestyle_diabetes_2018,
  author       = "{Harvard Health Publishing Staff and Howard E. LeWine, MD (editor)}",
  title        = "{Healthy lifestyle can prevent diabetes (and even reverse it)}",
  howpublished = "\url{https://www.health.harvard.edu/blog/healthy-lifestyle-can-prevent-diabetes-and-even-reverse-it-2018090514698}",
  note         = "Consultado el 14 de junio de 2025",
}

@misc{idf_diabetes_atlas_2025,
  author       = "{International Diabetes Federation}",
  title        = "{IDF Diabetes Atlas – 11th Edition}",
  howpublished = "\url{https://diabetesatlas.org}",
  month        = apr,
  year         = 2025,
  note         = "11ª edición que cubre datos de prevalencia y proyecciones globales para 2024 y 2050; consultado el 14 de junio de 2025",
}


@online{GBD2021,
  author    = {Global Burden of Disease Collaborative Network},
  title     = {Global Burden of Disease Study 2021. Results},
  year      = {2024},
  url       = {https://vizhub.healthdata.org/gbd-results/},
  note      = {Último acceso: 13 de junio de 2025},
  organization = {Institute for Health Metrics and Evaluation}
}

@software{NutriPro,
  name      = {NutriPro},
  title     = {NutriPro. Software de planificación nutricional},
  url       = {https://nutripro-soft.com/en/home},
  year      = {2025},
  note      = {Versión no especificada. Último acceso: 13 de junio de 2025}
}

@software{Nutriwin,
  name      = {Nutriwin Colectividades},
  title     = {Nutriwin. Software de gestión para colectividades},
  url       = {https://iaracatering.es/alergenos/},
  year      = {2025},
  note      = {Versión no especificada. Último acceso: 13 de junio de 2025}
}

@article{MoralesGarzon2025,
  author    = {Morales-Garzón, A. and Gutiérrez-Batista, K. and Martin-Bautista, M.J.},
  title     = {Adaptafood: an intelligent system to adapt recipes to specialised diets and healthy lifestyles},
  journal   = {Multimedia Systems},
  year      = {2025},
  volume    = {31},
  pages     = {87},
  doi       = {10.1007/s00530-025-01667-y}
}

@misc{NutriMind2023,
  author       = {{NutriMind}},
  title        = {{Homepage of NutriMind}},
  howpublished = {\url{https://www.nutrimind.net}},
  year         = {2023},
}

@misc{GenesisRD,
  author = {{Trustwell}},
  title = {{Genesis: Nutrition Analysis Software}},
  howpublished = {\url{https://www.trustwell.com/products/genesis/}},
  year = {2023}
}

@misc{Cheftec,
  author       = {{Cheftec}},
  title        = {Homepage of Cheftec},
  howpublished ={\url{https://www.cheftec.com/products}},
  year         = {2023}
}

@misc{Nutritionistpro,
  author       = {{Nutritionistpro}},
  title        = {{Homepage of Nutritionistpro}},
  howpublished ={\url{https://nutritionistpro.com}},
}

@misc{Myfitnesspal,
  author       = {{Myfitnesspal}},
  title        = {{Homepage of Myfitnesspal}},
  howpublished ={\url{https://www.myfitnesspal.com/es}},
}

@misc{Nutritics,
  author       = {{Nutritics}},
  title        = {{Homepage of Nutritics}},
  howpublished ={\url{https://www.nutritics.com/en/}},
}

@misc{Dietmate,
  author       = {{Dietmate}},
  title        = {{Homepage of Dietmate}},
  howpublished ={\url{https://dietmatestaging.cyberspheresolution.com/index.php}},
}

@misc{FoodProcessor,
  author       = {{Food Processor}},
  title        = {Homepage of Food Processor},
  howpublished ={\url{https://www.trustwell.com/products/food-processor-nutrition-analysis-software/}},
  year         = {2023}
}


@misc{Cronometer,
  author       = {{Cronometer}},
  title        = {{Homepage of Cronometer}},
  howpublished ={\url{https://cronometer.com/pro/#pricing}},
}


@misc{Myplate,
  author       = {{Myplate}},
  title        = {{Homepage of Myplate}},
  howpublished ={\url{https://www.myplate.gov}},
}

@misc{JWT,
  author       = {{Auth0}},
  title        = {{Homepage of JWT}},
  howpublished ={\url{https://jwt.io}},
}

@misc{rfc7519,
    series =    {Request for Comments},
    number =    7519,
    howpublished =  {RFC 7519},
    publisher = {RFC Editor},
    doi =       {10.17487/RFC7519},
    url =       {https://www.rfc-editor.org/info/rfc7519},
    author =    {Michael B. Jones and John Bradley and Nat Sakimura},
    title =     {{JSON Web Token (JWT)}},
    pagetotal = 30,
    year =      2015,
    month =     may,
    abstract =  {JSON Web Token (JWT) is a compact, URL-safe means of representing claims to be transferred between two parties. The claims in a JWT are encoded as a JSON object that is used as the payload of a JSON Web Signature (JWS) structure or as the plaintext of a JSON Web Encryption (JWE) structure, enabling the claims to be digitally signed or integrity protected with a Message Authentication Code (MAC) and/or encrypted.},
}

@software{materialUi,
  author = {Material UI Team},
  title = {Material UI: React components for faster and easier web development},
  year = {2014--2023},
  url = {https://mui.com/},
  version = {5.14.20},
  note = {Accessed: 2023-10-15}
}

@misc{pythonDocs,
  title = {The Python Language Reference},
  author = {{Python Software Foundation}},
  year = {2024},
  howpublished = {\url{https://docs.python.org/3/}},
  note = {Accedido en abril de 2025}
}

@misc{javascriptMdn,
  title = {JavaScript MDN},
  author = {{Mozilla Developer Network}},
  year = {2024},
  howpublished = {\url{https://developer.mozilla.org/es/docs/Web/JavaScript}},
  note = {Accedido en abril de 2025}
}

@misc{mongodbDocs,
  title = {MongoDB Manual},
  author = {{MongoDB, Inc.}},
  year = {2024},
  howpublished = {\url{https://www.mongodb.com/docs/}},
  note = {Accedido en abril de 2025}
}

@misc{fastapiDocs,
  title = {FastAPI Documentation},
  author = {{Sebastián Ramírez}},
  year = {2024},
  howpublished = {\url{https://fastapi.tiangolo.com/}},
  note = {Accedido en abril de 2025}
}

@misc{reactDocs,
  title = {React A JavaScript library for building user interfaces},
  author = {{Meta Platforms, Inc.}},
  year = {2024},
  howpublished = {\url{https://react.dev/}},
  note = {Accedido en abril de 2025}
}

@incollection{Aparicio2015raciones,
  author    = {Aparicio, A. and Perea, J. M.},
  title     = {Tablas de peso de raciones estándar, de unidades de alimentos, y otras unidades caseras},
  booktitle = {Nutriguía. Manual de Nutrición Clínica},
  editor    = {Ortega, R. M. and Requejo, A. M.},
  edition   = {2},
  year      = {2015},
  publisher = {Editorial Médica Panamericana},
  chapter   = {Anexo XII}
}

@misc{uvicorn,
  author       = {Tom Christie},
  title        = {Uvicorn: The lightning-fast ASGI server implementation, using uvloop and httptools},
  year         = {2024},
  howpublished = {\url{https://www.uvicorn.org/}},
  note         = {Último acceso: junio de 2025}
}

@misc{starlette,
  author       = {Tom Christie},
  title        = {Starlette: The ASGI toolkit},
  year         = {2024},
  howpublished = {\url{https://www.starlette.io/}},
  note         = {Último acceso: junio de 2025}
}

@misc{motor,
  author       = {MongoDB, Inc.},
  title        = {Motor: The async Python driver for MongoDB},
  year         = {2024},
  howpublished = {\url{https://motor.readthedocs.io/}},
  note         = {Último acceso: junio de 2025}
}

@misc{pymongo,
  author       = {MongoDB, Inc.},
  title        = {PyMongo: The official MongoDB driver for Python},
  year         = {2024},
  howpublished = {\url{https://pymongo.readthedocs.io/}},
  note         = {Último acceso: junio de 2025}
}

@misc{passlib,
  author       = {Assorted contributors},
  title        = {Passlib: Comprehensive password hashing framework for Python},
  year         = {2024},
  howpublished = {\url{https://passlib.readthedocs.io/}},
  note         = {Último acceso: junio de 2025}
}

@misc{bcrypt,
  author       = {PyCA Developers},
  title        = {bcrypt: Modern password hashing for Python},
  year         = {2024},
  howpublished = {\url{https://pypi.org/project/bcrypt/}},
  note         = {Último acceso: junio de 2025}
}

@misc{pythonjose,
  author       = {Brandon Rhodes et al.},
  title        = {python-jose: A JOSE implementation in Python},
  year         = {2024},
  howpublished = {\url{https://github.com/mpdavis/python-jose}},
  note         = {Último acceso: junio de 2025}
}

@misc{oauth2fastapi,
  author       = {Sebastián Ramírez},
  title        = {FastAPI Security - OAuth2PasswordBearer},
  year         = {2024},
  howpublished = {\url{https://fastapi.tiangolo.com/tutorial/security/oauth2-jwt/}},
  note         = {Último acceso: junio de 2025}
}

@misc{unidecode,
  author       = {Tomaz Solc},
  title        = {Unidecode: ASCII transliterations of Unicode text},
  year         = {2024},
  howpublished = {\url{https://pypi.org/project/Unidecode/}},
  note         = {Último acceso: junio de 2025}
}

@misc{minilm2022,
  author       = {Nils Reimers and Iryna Gurevych},
  title        = {Sentence-BERT: Multilingual sentence embeddings using paraphrase-multilingual-MiniLM-L12-v2},
  year         = {2022},
  howpublished = {\url{https://www.sbert.net/docs/pretrained_models.html}},
  note         = {Último acceso: junio de 2025}
}

@misc{muiicons,
  author       = {MUI Team},
  title        = {@mui/icons-material: Material UI Icons for React},
  year         = {2024},
  howpublished = {\url{https://mui.com/material-ui/icons/}},
  note         = {Último acceso: junio de 2025}
}

@misc{reactrouterdom,
  author       = {Remix Software},
  title        = {React Router DOM: Declarative routing for React apps},
  year         = {2024},
  howpublished = {\url{https://reactrouter.com/en/main}},
  note         = {Último acceso: junio de 2025}
}

@misc{dayjs,
  author       = {Iwan Eising and contributors},
  title        = {Day.js: Fast 2kB alternative to Moment.js},
  year         = {2024},
  howpublished = {\url{https://day.js.org/}},
  note         = {Último acceso: junio de 2025}
}

@misc{muixdatepicker,
  author       = {MUI Team},
  title        = {@mui/x-date-pickers: Date and time pickers for MUI},
  year         = {2024},
  howpublished = {\url{https://mui.com/x/react-date-pickers/}},
  note         = {Último acceso: junio de 2025}
}

@misc{propTypes,
  author       = {Facebook Inc. and contributors},
  title        = {PropTypes: Runtime type checking for React props},
  year         = {2024},
  howpublished = {\url{https://reactjs.org/docs/typechecking-with-proptypes.html}},
  note         = {Último acceso: junio de 2025}
}

@misc{pangeadnd,
  author       = {Hello Pangea},
  title        = {@hello-pangea/dnd: Beautiful and accessible drag and drop for lists with React},
  year         = {2024},
  howpublished = {\url{https://github.com/hello-pangea/dnd}},
  note         = {Último acceso: junio de 2025}
}

@misc{jspdf,
  author       = {Parallax},
  title        = {jsPDF: Generate PDF files in JavaScript},
  year         = {2024},
  howpublished = {\url{https://github.com/parallax/jsPDF}},
  note         = {Último acceso: junio de 2025}
}

@misc{jspdfautotable,
  author       = {Simon Bengtsson},
  title        = {jsPDF-AutoTable: Table plugin for jsPDF},
  year         = {2024},
  howpublished = {\url{https://github.com/simonbengtsson/jsPDF-AutoTable}},
  note         = {Último acceso: junio de 2025}
}


@misc{deepseek,
  author       = {DeepSeek AI},
  title        = {DeepSeek: Open-source Language Models},
  year         = {2024},
  howpublished = {\url{https://deepseek.com/}},
  note         = {Consultado en junio de 2025}
}

@misc{guillen2025memoria,
  author       = {A. Guillén Perales and others},
  title        = {Cómo escribir la memoria de tu TFG del Grado en Ingeniería Informática y presentarlo sin morir en el intento},
  year         = {2025},
  institution  = {Universidad de Granada},
  doi          = {10.5281/zenodo.14887022},
  url          = {https://doi.org/10.5281/zenodo.14887022}
}
@misc{fooddb,
  author       = {Ugritai, Daniel},
  title        = {foodDB: Nutritional database and food data scraping tools},
  year         = {2023},
  howpublished = {\url{https://github.com/ugritai/foodDB}},
  note         = {Accedido en junio de 2025}
}

@misc{mui_templates,
  author       = {MUI Team},
  title        = {Material UI - Free React Templates},
  year         = {2024},
  howpublished = {\url{https://github.com/mui/material-ui/tree/v7.1.1/docs/data/material/getting-started/templates}},
  note         = {Accedido en junio de 2025}
}
